@misc{uClinux,
    %title     = "uClinux",
    %howpublished = "Online",
    %year     = "2012",
    %month    = "March",
    %note     = "\url{http://uclinux.org/}",
}